@ONLINE{GoogleDrive,
title = {Site Web de Google Drive},
author = {Google Drive},
url = {https://www.google.com/intl/fr_fr/drive/}
}
@ONLINE{S3,
title = {Site Web de Amazon S3},
author = {Amazon S3},
url = {http://aws.amazon.com/fr/s3/}
}
@ONLINE{Dropbox,
title = {Site Web de Dropbox},
author = {Dropbox},
url = {https://www.dropbox.com/}
}
@ONLINE{Github,
title = {Site Web de Github},
author = {Github},
url = {https://www.Github.com/}
}
@ONLINE{Travis,
title = {Site Web de Travis},
author = {Travis},
url = {https://travis-ci.com/}
}


@book{MongoDB,
	Author = {Membrey, Peter and Plugge, Eelco and Hawkins, DUPTim},
	Date-Added = {2015-02-23 12:49:14 +0000},
	Date-Modified = {2015-02-23 12:49:14 +0000},
	Publisher = {Apress},
	Title = {The definitive guide to MongoDB: the noSQL database for cloud and desktop computing},
	Year = {2010}}

@ONLINE{Landscape.io,
title = {Site Web de Landscape.io},
author = {Landscape.io},
url = {http://www.landscape.io/}
}





@inproceedings{execo2013,
  TITLE = {{Using the EXECO toolbox to perform automatic and reproducible cloud experiments}},
  AUTHOR = {Imbert, Matthieu and Pouilloux, Laurent and Rouzaud-Cornabas, Jonathan and L{\`e}bre, Adrien and Hirofuchi, Takahiro},
  URL = {https://hal.inria.fr/hal-00861886},
  BOOKTITLE = {{1st International Workshop on UsiNg and building ClOud Testbeds (UNICO, collocated with IEEE CloudCom 2013)}},
  ADDRESS = {Bristol, United Kingdom},
  YEAR = {2013},
  MONTH = Dec,
  HAL_ID = {hal-00861886},
  HAL_VERSION = {v1}
}

