@inproceedings{execo2013,
  TITLE = {{Using the EXECO toolbox to perform automatic and reproducible cloud experiments}},
  AUTHOR = {Imbert, Matthieu and Pouilloux, Laurent and Rouzaud-Cornabas, Jonathan and L{\`e}bre, Adrien and Hirofuchi, Takahiro},
  URL = {https://hal.inria.fr/hal-00861886},
  BOOKTITLE = {{1st International Workshop on UsiNg and building ClOud Testbeds (UNICO, collocated with IEEE CloudCom 2013)}},
  ADDRESS = {Bristol, United Kingdom},
  YEAR = {2013},
  MONTH = Dec,
  HAL_ID = {hal-00861886},
  HAL_VERSION = {v1}
}

